@Book{textbook,
author = "Thomas H. Cormen and Charles E. Leiserson and Ronald L. Rivest and Clifford Stein",
title = "Introduction to Algorithms",
year = "2009",
edition = "3",
publisher = "The MIT Press",
address = "Cambridge, Massachusetts"
}

@misc{erik,
author = "Erik Hartig",
howpublished = "Conversation",
month = "January",
title = "Generic Programming",
year = "2015"
}

@misc{stopwatch,
author = "Robert Sedgewick and Kevin Wayne",
howpublished = "Java Class",
title = "Stopwatch"
}
