% This file was created with JabRef 2.10.
% Encoding: Cp1252


@Book{cormen2001introduction,
  Title                    = {{Introduction to Algorithms}},
  Author                   = {Cormen, Thomas H and Leiserson, Charles E and Rivest, Ronald L and Stein, Clifford and others},
  Publisher                = {MIT press Cambridge},
  Year                     = {2001},
  Volume                   = {2},

  Owner                    = {ghowser},
  Timestamp                = {2015.01.15}
}

